<record><leader>00000cas a2200000 a 4500</leader><controlfield tag="001">35244679</controlfield><controlfield tag="008">960815d196619uusdumr ne     f0    0eng c</controlfield><datafield ind1=" " ind2=" " tag="010"><subfield code="a">sn 96090224 </subfield></datafield><datafield ind1=" " ind2=" " tag="040"><subfield code="a">SXN</subfield><subfield code="b">eng</subfield><subfield code="c">SXN</subfield><subfield code="d">NVF</subfield><subfield code="d">OCLCQ</subfield><subfield code="d">OCLCF</subfield><subfield code="d">OCLCO</subfield></datafield><datafield ind1="1" ind2=" " tag="029"><subfield code="a">AU@</subfield><subfield code="b">000012746122</subfield></datafield><datafield ind1=" " ind2=" " tag="042"><subfield code="a">pcc</subfield></datafield><datafield ind1=" " ind2=" " tag="043"><subfield code="a">n-us-sd</subfield></datafield><datafield ind1="0" ind2=" " tag="130"><subfield code="a">Voices of unity (Rosebud, S.D.)</subfield></datafield><datafield ind1="1" ind2="0" tag="245"><subfield code="a">Voices of unity.</subfield></datafield><datafield ind1="1" ind2=" " tag="246"><subfield code="i">Published as:</subfield><subfield code="a">Voices for unity</subfield><subfield code="f">&lt;Oct. 10, 1966-July 28, 1969&gt;</subfield></datafield><datafield ind1=" " ind2=" " tag="260"><subfield code="a">Rosebud, S.D. :</subfield><subfield code="b">Rosebud Sioux Tribe Community Action Program</subfield></datafield><datafield ind1=" " ind2=" " tag="300"><subfield code="a">v.</subfield></datafield><datafield ind1=" " ind2=" " tag="310"><subfield code="a">Monthly,</subfield><subfield code="b">May 5-&lt;July 28, 1969&gt;</subfield></datafield><datafield ind1=" " ind2=" " tag="321"><subfield code="a">Biweekly,</subfield><subfield code="b">1966-Apr. 21, 1969</subfield></datafield><datafield ind1="0" ind2=" " tag="362"><subfield code="a">Vol. 1, no. 1 (Mar. 28, 1966)-</subfield></datafield><datafield ind1=" " ind2=" " tag="500"><subfield code="a">Publication unnamed and unnumbered until third issue.</subfield></datafield><datafield ind1=" " ind2=" " tag="530"><subfield code="a">Available on microfilm from the State Archives, South Dakota State Historical Society.</subfield></datafield><datafield ind1=" " ind2=" " tag="580"><subfield code="a">Issued as a section in: Rosebud Sioux herald.</subfield></datafield><datafield ind1="2" ind2="0" tag="610"><subfield code="a">Community Action Program (U.S.)</subfield><subfield code="v">Newspapers.</subfield></datafield><datafield ind1="2" ind2="0" tag="610"><subfield code="a">Rosebud Sioux Tribe</subfield><subfield code="v">Newspapers.</subfield></datafield><datafield ind1=" " ind2="0" tag="650"><subfield code="a">Dakota Indians</subfield><subfield code="z">South Dakota</subfield><subfield code="v">Newspapers.</subfield></datafield><datafield ind1=" " ind2="0" tag="651"><subfield code="a">Rosebud (S.D.)</subfield><subfield code="v">Newspapers.</subfield></datafield><datafield ind1=" " ind2="0" tag="651"><subfield code="a">Todd County (S.D.)</subfield><subfield code="v">Newspapers.</subfield></datafield><datafield ind1=" " ind2="0" tag="651"><subfield code="a">Rosebud Indian Reservation (S.D.)</subfield><subfield code="v">Newspapers.</subfield></datafield><datafield ind1=" " ind2="7" tag="655"><subfield code="a">Newspapers.</subfield><subfield code="2">fast</subfield><subfield code="0">(OCoLC)fst01423814</subfield></datafield><datafield ind1="2" ind2="7" tag="610"><subfield code="a">Community Action Program (U.S.)</subfield><subfield code="2">fast</subfield><subfield code="0">(OCoLC)fst00608805</subfield></datafield><datafield ind1="2" ind2="7" tag="610"><subfield code="a">Rosebud Sioux Tribe of the Rosebud Indian Reservation.</subfield><subfield code="2">fast</subfield><subfield code="0">(OCoLC)fst01725071</subfield></datafield><datafield ind1=" " ind2="7" tag="650"><subfield code="a">Dakota Indians.</subfield><subfield code="2">fast</subfield><subfield code="0">(OCoLC)fst00887107</subfield></datafield><datafield ind1=" " ind2="7" tag="651"><subfield code="a">South Dakota.</subfield><subfield code="2">fast</subfield><subfield code="0">(OCoLC)fst01204322</subfield></datafield><datafield ind1=" " ind2="7" tag="651"><subfield code="a">South Dakota</subfield><subfield code="z">Rosebud.</subfield><subfield code="2">fast</subfield><subfield code="0">(OCoLC)fst01279171</subfield></datafield><datafield ind1=" " ind2="7" tag="651"><subfield code="a">South Dakota</subfield><subfield code="z">Rosebud Indian Reservation.</subfield><subfield code="2">fast</subfield><subfield code="0">(OCoLC)fst01241612</subfield></datafield><datafield ind1=" " ind2="7" tag="651"><subfield code="a">South Dakota</subfield><subfield code="z">Todd County.</subfield><subfield code="2">fast</subfield><subfield code="0">(OCoLC)fst01213870</subfield></datafield><datafield ind1=" " ind2=" " tag="752"><subfield code="a">United States</subfield><subfield code="b">South Dakota</subfield><subfield code="c">Todd</subfield><subfield code="d">Rosebud.</subfield></datafield><datafield ind1="1" ind2=" " tag="777"><subfield code="t">Rosebud Sioux herald</subfield><subfield code="w">(DLC)sn 86091380</subfield><subfield code="w">(OCoLC)1764534</subfield></datafield></record>